% This file was created with JabRef 2.3.1.
% Encoding: Cp1252
@ARTICLE{Charles2016, 
author={P. L. St-Charles and G. A. Bilodeau and R. Bergevin}, 
journal={IEEE Transactions on Image Processing}, 
title={Universal Background Subtraction Using Word Consensus Models}, 
year={2016}, 
volume={25}, 
number={10}, 
pages={4768-4781}, 
keywords={image segmentation;video signal processing;C++;ChangeDetection.net data set;PAWCS;long-term foreground detection;pixel level background modeling;smart surveillance;universal background subtraction;video analysis;word consensus models;Adaptation models;Analytical models;Coherence;Dictionaries;Hidden Markov models;Spatiotemporal phenomena;Surveillance;Video segmentation;background subtraction;change detection;video signal processing;word consensus}, 
doi={10.1109/TIP.2016.2598691}, 
ISSN={1057-7149}, 
month={Oct},}

@ARTICLE{Charles2015, 
author={P. L. St-Charles and G. A. Bilodeau and R. Bergevin}, 
journal={IEEE Transactions on Image Processing}, 
title={SuBSENSE: A Universal Change Detection Method With Local Adaptive Sensitivity}, 
year={2015}, 
volume={24}, 
number={1}, 
pages={359-373}, 
keywords={image colour analysis;image segmentation;image sequences;object detection;video signal processing;C++;ChangeDetection.net dataset;F-measure;OpenCV;SuBSENSE;adaptation speed;color information;foreground-background segmentation;illumination variations;local adaptive sensitivity;local binary image descriptors;local segmentation noise levels;manually set frame-wide constants;midlevel desktop CPU;model fidelity continuous monitoring;pixel-level feedback loops;spatiotemporal binary features;universal change detection method;universal pixel-level segmentation method;video sequences;Adaptation models;Color;Image color analysis;Lighting;Noise;Sensitivity;Spatiotemporal phenomena;Background subtraction;background subtraction;change detection;foreground segmentation;spatiotemporal features;surveillance;video signal processing}, 
doi={10.1109/TIP.2014.2378053}, 
ISSN={1057-7149}, 
month={Jan},}

@BOOK{gonzalez2004digital,
	title={Digital image processing using MATLAB},
	year={2004},
	author={Gonzalez, Rafael C Eddins and Woods, Steven L and Gonzalez, Richard E Richard Eugene Rafael C and Woods, Richard E and Eddins, Steven L},
	number={04; TA1637, G6.},
}

@article{bouwmans2012background,
	title={Background subtraction for visual surveillance: A fuzzy approach},
	author={Bouwmans, Thierry},
	journal={Handbook on soft computing for video surveillance},
	volume={5},
	pages={103--138},
	year={2012},
	publisher={Taylor and Francis}
}



@INPROCEEDINGS{silviosanches, 
	author={D. V. Salioni and S. R. R. Sanches and V. F. SIlva and T. d. Gaspari and A. C. Sementille}, 
	booktitle={2015 XVII Symposium on Virtual and Augmented Reality}, 
	title={Segmentation Quality for Augmented Reality: An Objective Metric}, 
	year={2015}, 
	pages={212-219}, 
	keywords={augmented reality;computer vision;image segmentation;augmented reality;bilayer segmentation algorithm;computer vision;objective metric;segmentation quality;user perception;Augmented reality;Computer vision;Electronic mail;Face;Image segmentation;Measurement;Visualization;Augmented Reality;Segmentation Assessment;Segmentation Quality}, 
	doi={10.1109/SVR.2015.38}, 
	month={May},}

@INPROCEEDINGS{benezeth, 
	author={Y. Benezeth and P. M. Jodoin and B. Emile and H. Laurent and C. Rosenberger}, 
	booktitle={2008 19th International Conference on Pattern Recognition}, 
	title={Review and evaluation of commonly-implemented background subtraction algorithms}, 
	year={2008}, 
	pages={1-4}, 
	keywords={computer vision;feature extraction;image motion analysis;image sequences;video signal processing;background motion;basic interframe difference;camera jitter;commonly-implemented background subtraction;computer vision;detection process;global threshold;motion detection;moving objects;real video sequences;semisynthetic video sequences;Application software;Background noise;Cameras;Computer vision;Jitter;Motion detection;Noise robustness;Performance evaluation;Testing;Video sequences}, 
	doi={10.1109/ICPR.2008.4760998}, 
	ISSN={1051-4651}, 
	month={Dec},
}

@misc{williams1918method,
	title={Method of taking motion-pictures.},
	author={Williams, Frank D},
	year={1918},
	month=jul # "~23",
	publisher={Google Patents},
	note={US Patent 1,273,435}
}

@misc{vlahos1978comprehensive,
	title={Comprehensive electronic compositing system},
	author={Vlahos, Petro},
	year={1978},
	month=jul # "~11",
	publisher={Google Patents},
	note={US Patent 4,100,569}
}

@inproceedings{lai1998fast,
	title={A fast and accurate scoreboard algorithm for estimating stationary backgrounds in an image sequence},
	author={Lai, Andrew HS and Yung, Nelson HC},
	booktitle={Circuits and Systems, 1998. ISCAS'98. Proceedings of the 1998 IEEE International Symposium on},
	volume={4},
	pages={241--244},
	year={1998},
	organization={IEEE}
}

@inproceedings{stauffer1999adaptive,
	title={Adaptive background mixture models for real-time tracking},
	author={Stauffer, Chris and Grimson, W Eric L},
	booktitle={Computer Vision and Pattern Recognition, 1999. IEEE Computer Society Conference on.},
	volume={2},
	pages={246--252},
	year={1999},
	organization={IEEE}
}

@inproceedings{hayman2003statistical,
	title={Statistical background subtraction for a mobile observer.},
	author={Hayman, Eric and Eklundh, Jan-Olof},
	booktitle={ICCV},
	volume={1},
	year={2003}
}

@misc{vlahos1963composite,
	title={Composite photography utilizing sodium vapor illumination},
	author={Vlahos, Petro},
	year={1963},
	month=jun # "~25",
	publisher={Google Patents},
	note={US Patent 3,095,304}
}

@article{gibbs1998virtual,
	title={Virtual studios: An overview},
	author={Gibbs, Simon and Arapis, Constantin and Breiteneder, Christian and Lalioti, Vali and Mostafawy, Sina and Speier, Josef},
	journal={IEEE multimedia},
	volume={5},
	number={1},
	pages={18--35},
	year={1998},
	publisher={IEEE}
}

@inproceedings{criminisi2006bilayer,
	title={Bilayer segmentation of live video},
	author={Criminisi, Antonio and Cross, Geoffrey and Blake, Andrew and Kolmogorov, Vladimir},
	booktitle={Computer Vision and Pattern Recognition, 2006 IEEE Computer Society Conference on},
	volume={1},
	pages={53--60},
	year={2006},
	organization={IEEE}
}

@article{sun2006background,
	title={Background cut},
	author={Sun, Jian and Zhang, Weiwei and Tang, Xiaoou and Shum, Heung-Yeung},
	journal={Computer Vision--ECCV 2006},
	pages={628--641},
	year={2006},
	publisher={Springer}
}

@article{yin2011bilayer,
	title={Bilayer segmentation of webcam videos using tree-based classifiers},
	author={Yin, Pei and Criminisi, Antonio and Winn, John and Essa, Irfan A},
	journal={IEEE transactions on pattern analysis and machine intelligence},
	volume={33},
	number={1},
	pages={30--42},
	year={2011},
	publisher={IEEE}
}

@inproceedings{yin2007tree,
	title={Tree-based classifiers for bilayer video segmentation},
	author={Yin, Pei and Criminisi, Antonio and Winn, John and Essa, Irfan},
	booktitle={Computer Vision and Pattern Recognition, 2007. CVPR'07. IEEE Conference on},
	pages={1--8},
	year={2007},
	organization={IEEE}
}

@inproceedings{wang2010tofcut,
	title={Tofcut: Towards robust real-time foreground extraction using a time-of-flight camera},
	author={Wang, Liang and Zhang, Chenxi and Yang, Ruigang and Zhang, Cha},
	booktitle={Proc. of 3DPVT},
	pages={1--8},
	year={2010}
}

@misc{mishima1994soft,
	title={Soft edge chroma-key generation based upon hexoctahedral color space},
	author={Mishima, Yasushi},
	year={1994},
	month=oct # "~11",
	publisher={Google Patents},
	note={US Patent 5,355,174}
}

@INPROCEEDINGS{chromakey, 
	author={N. T. Sang and T. Q. Vinh}, 
	booktitle={2013 International Conference on Computing, Management and Telecommunications (ComManTel)}, 
	title={FPGA implementation for real-time Chroma-key effect using Coarse and Fine Filter}, 
	year={2013}, 
	pages={157-162}, 
	keywords={Cities and towns;Color;Field programmable gate arrays;Hardware;Real-time systems;Software;TV;Chroma-key effect;FPGA;K-means clustering;VLSI architecture}, 
	doi={10.1109/ComManTel.2013.6482383}, 
	month={Jan},
}

@INPROCEEDINGS{BGSLIBRARY,
	author={Sobral, Andrews},
	booktitle={IX Workshop de Visao Computacional (WVC 2013)},
	title={BGSLibrary: An opencv c++ background subtraction library},
	year={2013},
	volume={7},
}

@inproceedings{sousa2012uso,
	title={Uso de vis{\~a}o computacional em dispositivos moveis para o reconhecimento de faixa de pedestres},
	author={Sousa, Kelly and Marengoni, Mauricio},
	booktitle={Anais do VIII Workshop de Vis{\~a}o Computacional},
	pages={1--85},
	year={2012}
}

@article{Sobral20144,
	title = "A comprehensive review of background subtraction algorithms evaluated with synthetic and real videos ",
	journal = "Computer Vision and Image Understanding ",
	volume = "122",
	number = "",
	pages = "4 - 21",
	year = "2014",
	note = "",
	issn = "1077-3142",
	doi = "http://doi.org/10.1016/j.cviu.2013.12.005",
	url = "http://www.sciencedirect.com/science/article/pii/S1077314213002361",
	author = "Andrews Sobral and Antoine Vacavant",
	keywords = "Background subtraction",
	keywords = "Motion detection",
	keywords = "Foreground segmentation "
}

@article{marengoni2009tutorial,
	title={Tutorial: Introdu{\c{c}}{\~a}o {\`a} vis{\~a}o computacional usando opencv},
	author={Marengoni, Maur{\'\i}cio and Stringhini, Stringhini},
	journal={Revista de Inform{\'a}tica Te{\'o}rica e Aplicada},
	volume={16},
	number={1},
	pages={125--160},
	year={2009}
}

@inproceedings{toyama1999wallflower,
	title={Wallflower: Principles and practice of background maintenance},
	author={Toyama, Kentaro and Krumm, John and Brumitt, Barry and Meyers, Brian},
	booktitle={Computer Vision, 1999. The Proceedings of the Seventh IEEE International Conference on},
	volume={1},
	pages={255--261},
	year={1999},
	organization={IEEE}
}

@Inbook{Sanches2012,
	author="Sanches, Silvio Ricardo Rodrigues
	and da Silva, Valdinei Freire
	and Tori, Romero",
	editor="Murgante, Beniamino
	and Gervasi, Osvaldo
	and Misra, Sanjay
	and Nedjah, Nadia
	and Rocha, Ana Maria A. C.
	and Taniar, David
	and Apduhan, Bernady O.",
	title="Bilayer Segmentation Augmented with Future Evidence",
	bookTitle="Computational Science and Its Applications -- ICCSA 2012: 12th International Conference, Salvador de Bahia, Brazil, June 18-21, 2012, Proceedings, Part II",
	year="2012",
	publisher="Springer Berlin Heidelberg",
	address="Berlin, Heidelberg",
	pages="699--711",
	isbn="978-3-642-31075-1",
}


