% Encoding: windows-1252


@article{alshehhi2017hierarchical,
	title={Hierarchical graph-based segmentation for extracting road networks from high-resolution satellite images},
	author={Alshehhi, Rasha and Marpu, Prashanth Reddy},
	journal={ISPRS Journal of Photogrammetry and Remote Sensing},
	volume={126},
	pages={245--260},
	year={2017},
	publisher={Elsevier}
}

@inproceedings{bilodeau2013change,
	title={Change detection in feature space using local binary similarity patterns},
	author={Bilodeau, Guillaume-Alexandre and Jodoin, Jean-Philippe and Saunier, Nicolas},
	booktitle={Computer and Robot Vision (CRV), 2013 International Conference on},
	pages={106--112},
	year={2013},
	organization={IEEE}
}

@inproceedings{goyette2012changedetection,
	title={Changedetection. net: A new change detection benchmark dataset},
	author={Goyette, Nil and Jodoin, Pierre-Marc and Porikli, Fatih and Konrad, Janusz and Ishwar, Prakash},
	booktitle={Computer Vision and Pattern Recognition Workshops (CVPRW), 2012 IEEE Computer Society Conference on},
	pages={1--8},
	year={2012},
	organization={IEEE}
}

@ARTICLE{Charles2016, 
	author={P. L. St-Charles and G. A. Bilodeau and R. Bergevin}, 
	journal={IEEE Transactions on Image Processing}, 
	title={Universal Background Subtraction Using Word Consensus Models}, 
	year={2016}, 
	volume={25}, 
	number={10}, 
	pages={4768-4781}, 
	keywords={image segmentation;video signal processing;C++;ChangeDetection.net data set;PAWCS;long-term foreground detection;pixel level background modeling;smart surveillance;universal background subtraction;video analysis;word consensus models;Adaptation models;Analytical models;Coherence;Dictionaries;Hidden Markov models;Spatiotemporal phenomena;Surveillance;Video segmentation;background subtraction;change detection;video signal processing;word consensus}, 
	doi={10.1109/TIP.2016.2598691}, 
	ISSN={1057-7149}, 
	month={Oct},}

@ARTICLE{Charles2015, 
	author={P. L. St-Charles and G. A. Bilodeau and R. Bergevin}, 
	journal={IEEE Transactions on Image Processing}, 
	title={SuBSENSE: A Universal Change Detection Method With Local Adaptive Sensitivity}, 
	year={2015}, 
	volume={24}, 
	number={1}, 
	pages={359-373}, 
	keywords={image colour analysis;image segmentation;image sequences;object detection;video signal processing;C++;ChangeDetection.net dataset;F-measure;OpenCV;SuBSENSE;adaptation speed;color information;foreground-background segmentation;illumination variations;local adaptive sensitivity;local binary image descriptors;local segmentation noise levels;manually set frame-wide constants;midlevel desktop CPU;model fidelity continuous monitoring;pixel-level feedback loops;spatiotemporal binary features;universal change detection method;universal pixel-level segmentation method;video sequences;Adaptation models;Color;Image color analysis;Lighting;Noise;Sensitivity;Spatiotemporal phenomena;Background subtraction;background subtraction;change detection;foreground segmentation;spatiotemporal features;surveillance;video signal processing}, 
	doi={10.1109/TIP.2014.2378053}, 
	ISSN={1057-7149}, 
	month={Jan},}

@BOOK{gonzalez2004digital,
	title={Digital image processing using MATLAB},
	year={2004},
	author={Gonzalez, Rafael C Eddins and Woods, Steven L and Gonzalez, Richard E Richard Eugene Rafael C and Woods, Richard E and Eddins, Steven L},
	number={04; TA1637, G6.},
}

@article{bouwmans2012background,
	title={Background subtraction for visual surveillance: A fuzzy approach},
	author={Bouwmans, Thierry},
	journal={Handbook on soft computing for video surveillance_},
	volume={5},
	pages={103--138},
	year={2012},
	publisher={Taylor and Francis}
}



@INPROCEEDINGS{silviosanches, 
	author={D. V. Salioni and S. R. R. Sanches and V. F. SIlva and T. d. Gaspari and A. C. Sementille}, 
	booktitle={2015 XVII Symposium on Virtual and Augmented Reality}, 
	title={Segmentation Quality for Augmented Reality: An Objective Metric}, 
	year={2015}, 
	pages={212-219}, 
	keywords={augmented reality;computer vision;image segmentation;augmented reality;bilayer segmentation algorithm;computer vision;objective metric;segmentation quality;user perception;Augmented reality;Computer vision;Electronic mail;Face;Image segmentation;Measurement;Visualization;Augmented Reality;Segmentation Assessment;Segmentation Quality}, 
	doi={10.1109/SVR.2015.38}, 
	month={May},}

@INPROCEEDINGS{benezeth, 
	author={Y. Benezeth and P. M. Jodoin and B. Emile and H. Laurent and C. Rosenberger}, 
	booktitle={2008 19th International Conference on Pattern Recognition}, 
	title={Review and evaluation of commonly-implemented background subtraction algorithms}, 
	year={2008}, 
	pages={1-4}, 
	keywords={computer vision;feature extraction;image motion analysis;image sequences;video signal processing;background motion;basic interframe difference;camera jitter;commonly-implemented background subtraction;computer vision;detection process;global threshold;motion detection;moving objects;real video sequences;semisynthetic video sequences;Application software;Background noise;Cameras;Computer vision;Jitter;Motion detection;Noise robustness;Performance evaluation;Testing;Video sequences}, 
	doi={10.1109/ICPR.2008.4760998}, 
	ISSN={1051-4651}, 
	month={Dec},
}

@misc{williams1918method,
	title={Method of taking motion-pictures.},
	author={Williams, Frank D},
	year={1918},
	month=jul # "23",
	publisher={Google Patents},
	note={US Patent 1,273,435}
}

@misc{vlahos1978comprehensive,
	title={Comprehensive electronic compositing system},
	author={Vlahos, Petro},
	year={1978},
	month=jul # "11",
	publisher={Google Patents},
	note={US Patent 4,100,569}
}

@inproceedings{lai1998fast,
	title={A fast and accurate scoreboard algorithm for estimating stationary backgrounds in an image sequence},
	author={Lai, Andrew HS and Yung, Nelson HC},
	booktitle={Circuits and Systems, 1998. ISCAS'98. Proceedings of the 1998 IEEE International Symposium on},
	volume={4},
	pages={241--244},
	year={1998},
	organization={IEEE}
}

@inproceedings{stauffer1999adaptive,
	title={Adaptive background mixture models for real-time tracking},
	author={Stauffer, Chris and Grimson, W Eric L},
	booktitle={Computer Vision and Pattern Recognition, 1999. IEEE Computer Society Conference on.},
	volume={2},
	pages={246--252},
	year={1999},
	organization={IEEE}
}

@inproceedings{hayman2003statistical,
	title={Statistical background subtraction for a mobile observer.},
	author={Hayman, Eric and Eklundh, Jan-Olof},
	booktitle={ICCV},
	volume={1},
	year={2003}
}

@misc{vlahos1963composite,
	title={Composite photography utilizing sodium vapor illumination},
	author={Vlahos, Petro},
	year={1963},
	month=jun # "25",
	publisher={Google Patents},
	note={US Patent 3,095,304}
}

@article{gibbs1998virtual,
	title={Virtual studios: An overview},
	author={Gibbs, Simon and Arapis, Constantin and Breiteneder, Christian and Lalioti, Vali and Mostafawy, Sina and Speier, Josef},
	journal={IEEE multimedia},
	volume={5},
	number={1},
	pages={18--35},
	year={1998},
	publisher={IEEE}
}

@inproceedings{criminisi2006bilayer,
	title={Bilayer segmentation of live video},
	author={Criminisi, Antonio and Cross, Geoffrey and Blake, Andrew and Kolmogorov, Vladimir},
	booktitle={Computer Vision and Pattern Recognition, 2006 IEEE Computer Society Conference on},
	volume={1},
	pages={53--60},
	year={2006},
	organization={IEEE}
}

@article{sun2006background,
	title={Background cut},
	author={Sun, Jian and Zhang, Weiwei and Tang, Xiaoou and Shum, Heung-Yeung},
	journal={Computer Vision--ECCV 2006},
	pages={628--641},
	year={2006},
	publisher={Springer}
}

@article{yin2011bilayer,
	title={Bilayer segmentation of webcam videos using tree-based classifiers},
	author={Yin, Pei and Criminisi, Antonio and Winn, John and Essa, Irfan A},
	journal={IEEE transactions on pattern analysis and machine intelligence},
	volume={33},
	number={1},
	pages={30--42},
	year={2011},
	publisher={IEEE}
}

@inproceedings{yin2007tree,
	title={Tree-based classifiers for bilayer video segmentation},
	author={Yin, Pei and Criminisi, Antonio and Winn, John and Essa, Irfan},
	booktitle={Computer Vision and Pattern Recognition, 2007. CVPR'07. IEEE Conference on},
	pages={1--8},
	year={2007},
	organization={IEEE}
}

@inproceedings{wang2010tofcut,
	title={Tofcut: Towards robust real-time foreground extraction using a time-of-flight camera},
	author={Wang, Liang and Zhang, Chenxi and Yang, Ruigang and Zhang, Cha},
	booktitle={Proc. of 3DPVT},
	pages={1--8},
	year={2010}
}

@misc{mishima1994soft,
	title={Soft edge chroma-key generation based upon hexoctahedral color space},
	author={Mishima, Yasushi},
	year={1994},
	month=oct # "~11",
	publisher={Google Patents},
	note={US Patent 5,355,174}
}

@INPROCEEDINGS{chromakey, 
	author={N. T. Sang and T. Q. Vinh}, 
	booktitle={2013 International Conference on Computing, Management and Telecommunications (ComManTel)}, 
	title={FPGA implementation for real-time Chroma-key effect using Coarse and Fine Filter}, 
	year={2013}, 
	pages={157-162}, 
	keywords={Cities and towns;Color;Field programmable gate arrays;Hardware;Real-time systems;Software;TV;Chroma-key_ effect;FPGA;K-means clustering;VLSI architecture}, 
	doi={10.1109/ComManTel.2013.6482383}, 
	month={Jan},
}

@INPROCEEDINGS{BGSLIBRARY,
	author={Sobral, Andrews},
	booktitle={IX Workshop de Visao Computacional (WVC 2013)},
	title={BGSLibrary: An opencv c++ background subtraction library_},
	year={2013},
	volume={7},
}

@inproceedings{sousa2012uso,
	title={Uso de vis{\_~a}o computacional em dispositivos moveis para o reconhecimento de faixa de pedestres},
	author={Sousa, Kelly and Marengoni, Mauricio},
	booktitle={Anais do VIII Workshop de Vis{\_~a}o Computacional},
	pages={1--85},
	year={2012}
}

@article{Sobral20144,
	title = "A comprehensive review of background subtraction algorithms evaluated with synthetic and real videos ",
	journal = "Computer Vision and Image Understanding",
	volume = "122",
	number = "",
	pages = "4 - 21",
	year = "2014",
	note = "",
	issn = "1077-3142",
	doi = "http://doi.org/_10.1016/_j.cviu.2013.12.005",
	url = "http://www.sciencedirect.com/_science/_article/_pii/_S1077314213002361",
	author = "Andrews Sobral and Antoine Vacavant",
	keywords = "Background subtraction",
	keywords = "Motion detection",
	keywords = "Foreground segmentation "
}

@article{marengoni2009tutorial,
	title={Tutorial: Introdu{\c{c}}{\~a}o {\`a} vis{\~a}o computacional usando opencv},
	author={Marengoni, Maur{\'\i}cio and Stringhini, Stringhini},
	journal={Revista de Inform{\'a}tica Te{\'o}rica e Aplicada},
	volume={16},
	number={1},
	pages={125--160},
	year={2009}
}

@inproceedings{toyama1999wallflower,
	title={Wallflower: Principles and practice of background maintenance},
	author={Toyama, Kentaro and Krumm, John and Brumitt, Barry and Meyers, Brian},
	booktitle={Computer Vision, 1999. The Proceedings of the Seventh IEEE International Conference on},
	volume={1},
	pages={255--261},
	year={1999},
	organization={IEEE}
}

@Inbook{Sanches2012,
	author="Sanches, Silvio Ricardo Rodrigues
	and da Silva, Valdinei Freire
	and Tori, Romero",
	editor="Murgante, Beniamino
	and Gervasi, Osvaldo
	and Misra, Sanjay
	and Nedjah, Nadia
	and Rocha, Ana Maria A. C.
	and Taniar, David
	and Apduhan, Bernady O.",
	title="Bilayer Segmentation Augmented with Future Evidence",
	bookTitle="Computational Science and Its Applications -- ICCSA 2012: 12th International Conference, Salvador de Bahia, Brazil, June 18-21, 2012, Proceedings, Part II",
	year="2012",
	publisher="Springer Berlin Heidelberg",
	address="Berlin, Heidelberg",
	pages="699--711",
	isbn="978-3-642-31075-1",
}

@MISC{abnTeX2009,
  author = {abnTeX},
  title = {Absurdas normas para \TeX},
  year = {2009},
  owner = {Hugo},
  timestamp = {2009.11.08},
  url = {http://sourceforge.net/apps/ mediawiki/abntex/index.php},
  urlaccessdate = {8 de novembro de 2009}
}

@inproceedings{asanohighperformance,
	title={Performance comparison of FPGA, GPU and CPU in image processing},
	author={Asano, Shuichi and Maruyama, Tsutomu and Yamaguchi, Yoshiki},
	booktitle={Field programmable logic and applications, 2009. fpl 2009. international conference on},
	pages={126--131},
	year={2009},
	organization={IEEE}
}

@MISC{BibTeX2009,
  author = {BibTeX},
  title = {Bib\TeX.org},
  year = {2009},
  owner = {Hugo},
  timestamp = {2009.11.08},
  url = {http://www.bibtex.org},
  urlaccessdate = {8 de novembro de 2009}
}

@BOOK{Buerger1989,
  title = {\LaTeX\ for scientists and engineers},
  publisher = {McGraw-Hill},
  year = {1989},
  author = {Buerger, David John},
  address = {Singapura},
  owner = {Hugo},
  timestamp = {2009.11.08}
}

@MISC{CTAN2009,
  author = {CTAN},
  title = {The comprehensive \TeX\ archive network},
  year = {2009},
  owner = {Hugo},
  timestamp = {2009.11.08},
  url = {http://www.ctan. org},
  urlaccessdate = {8 de novembro de 2009}
}

@BOOK{DAELN2006,
  title = {Normas de apresenta\c{c}\~ao de trabalhos acad\^emicos do {DAELN}},
  publisher = {Departamento Acad\^emico de Eletr\^onica da UTFPR},
  year = {2006},
  editor = {David, Denise Elizabeth Hey and Crocetti, Simone},
  author = {DAELN},
  address = {Curitiba},
  owner = {Hugo},
  timestamp = {2009.11.08}
}

@BOOK{Goossens2007,
  title = {The \LaTeX\ graphics companion},
  publisher = {Addison-Wesley},
  year = {2007},
  author = {Goossens, Michel and Mittelbach, Frank and Rahtz, Sebastian and Roegel,
	Denis and Voss, Herbert},
  address = {Boston},
  edition = {2},
  owner = {Hugo},
  timestamp = {2009.11.08}
}

@MISC{JabRef2009,
  author = {JabRef},
  title = {JabRef reference manager},
  year = {2009},
  owner = {Hugo},
  timestamp = {2009.11.08},
  url = {http://jabref.sourceforge.net},
  urlaccessdate = {8 de novembro de 2009}
}

@BOOK{Kopka2003,
  title = {Guide to \LaTeX},
  publisher = {Addison-Wesley},
  year = {2003},
  author = {Kopka, Helmut and Daly, Patrick W.},
  address = {Boston},
  edition = {4},
  owner = {Hugo},
  timestamp = {2009.11.08}
}

@BOOK{Lamport1986,
  title = {\LaTeX: \normalfont a document preparation system},
  publisher = {Addison-Wesley},
  year = {1986},
  author = {Lamport, Leslie},
  address = {Reading},
  owner = {Hugo},
  timestamp = {2009.11.08}
}

@MISC{LaTeX2009,
  author = {LaTeX},
  title = {The \LaTeX\ project},
  year = {2009},
  owner = {Hugo},
  timestamp = {2009.11.08},
  url = {http://www.latex-project.org},
  urlaccessdate = {8 de novembro de 2009}
}

@MISC{Mendeley2009,
  author = {Mendeley},
  title = {Mendeley: \normalfont academic software for research papers},
  year = {2009},
  owner = {Hugo},
  timestamp = {2009.11.08},
  url = {http://www.mendeley.com},
  urlaccessdate = {8 de novembro de 2009}
}

@MISC{MiKTeX2009,
  author = {MiKTeX},
  title = {The MiK\TeX\ project},
  year = {2009},
  owner = {Hugo},
  timestamp = {2009.11.08},
  url = {http://www.miktex.org},
  urlaccessdate = {8 de novembro de 2009}
}

@BOOK{Mittelbach2004,
  title = {The \LaTeX\ companion},
  publisher = {Addison-Wesley},
  year = {2004},
  author = {Mittelbach, Frank and Goossens, Michel and Braams, Johannes and Carlisle,
	David and Rowley, Chris},
  address = {Boston},
  edition = {2},
  owner = {Hugo},
  timestamp = {2009.11.08}
}

@MISC{TeX-Br2009,
  author = {TeX-BR},
  title = {Comunidade \TeX-Br},
  year = {2009},
  owner = {Hugo},
  timestamp = {2009.11.08},
  url = {http://www.tex-br.org/index.php},
  urlaccessdate = {8 de novembro de 2009}
}

@MISC{TeXnicCenter2009,
  author = {TeXnicCenter},
  title = {\TeX nicCenter: \normalfont the center of your \LaTeX\ universe},
  year = {2009},
  owner = {Hugo},
  timestamp = {2009.11.08},
  url = {http://www.texniccenter.org},
  urlaccessdate = {8 de novembro de 2009}
}

@BOOK{UTFPR2008,
  title = {Normas para elabora\c{c}\~ao de trabalhos acad\^emicos},
  publisher = {Universidade Tecnol\'ogica Federal do Paran\'a},
  year = {2008},
  editor = {Reitoria},
  author = {UTFPR},
  address = {Curitiba},
  owner = {Hugo},
  timestamp = {2009.11.08}
}

@MISC{Wikibooks2009,
  author = {Wikibooks},
  title = {\LaTeX},
  year = {2009},
  owner = {Hugo},
  timestamp = {2009.11.08},
  url = {http://en.wikibooks.org/wiki/LaTeX},
  urlaccessdate = {8 de novembro de 2009}
}

@book{Anderson1977,
  author =       "Paul M. Anderson and A. A. Fouad",
  title =        "Power System Control and Stability",
  publisher =    "The Iowa State University Press",
  address =      "Ames, USA",
  year =         "1977",
  pages =        "464",
}


@misc{ATmega8515:datasheet,
  title         = "{ATmega8515} Data Sheet",
  organization  = "Atmel Corporation",
  address       = "2325 Orchard Parkway, San Jose, CA 95131",
  year          ="2015"
}


@manual{NBR10520:2002,
	Address = {Rio de Janeiro},
	Date-Added = {2012-12-15 21:43:38 +0000},
	Date-Modified = {2013-01-12 22:17:20 +0000},
	Month = {ago.},
	Org-Short = {ABNT},
	Organization = {Associa{\c c}\~ao Brasileira de Normas T\'ecnicas},
	Pages = 7,
	Subtitle = {Informa{\c c}\~ao e documenta{\c c}\~ao --- Apresenta{\c c}\~ao de cita{\c c}\~oes em documentos},
	Title = {{NBR} 10520},
	Year = 2002}

@manual{NBR14724:2001,
	Address = {Rio de Janeiro},
	Date-Added = {2012-12-15 20:34:08 +0000},
	Date-Modified = {2012-12-15 20:34:08 +0000},
	Month = {jul.},
	Org-Short = {ABNT},
	Organization = {Associa{\c c}\~ao Brasileira de Normas T\'ecnicas},
	Pages = 6,
	Subtitle = {Informa{\c c}\~ao e documenta{\c c}\~ao --- trabalhos acad\^emicos --- apresenta{\c c}\~ao},
	Title = {{NBR} 14724},
	Year = 2001}

@manual{NBR14724:2011,
	Address = {Rio de Janeiro},
	Date-Added = {2012-12-15 20:34:08 +0000},
	Date-Modified = {2012-12-15 20:35:25 +0000},
	Month = {mar.},
	Note = {Substitui a Ref.~\citeonline{NBR14724:2005}},
	Org-Short = {ABNT},
	Organization = {Associa{\c c}\~ao Brasileira de Normas T\'ecnicas},
	Pages = 15,
	Subtitle = {Informa{\c c}\~ao e documenta{\c c}\~ao --- trabalhos acad\^emicos --- apresenta{\c c}\~ao},
	Title = {{NBR} 14724},
	Year = 2011}

@manual{NBR14724:2005,
	Address = {Rio de Janeiro},
	Date-Added = {2012-12-15 20:34:08 +0000},
	Date-Modified = {2012-12-15 20:35:25 +0000},
	Month = {dez.},
	Org-Short = {ABNT},
	Organization = {Associa{\c c}\~ao Brasileira de Normas T\'ecnicas},
	Pages = 9,
	Subtitle = {Informa{\c c}\~ao e documenta{\c c}\~ao --- trabalhos acad\^emicos --- apresenta{\c c}\~ao},
	Title = {{NBR} 14724},
	Year = 2005}




@Comment{jabref-meta: databaseType:bibtex;}
